{\rtf1\ansi\ansicpg1252\cocoartf2761
\cocoatextscaling0\cocoaplatform0{\fonttbl\f0\fnil\fcharset0 HelveticaNeue;}
{\colortbl;\red255\green255\blue255;\red38\green38\blue38;\red255\green255\blue255;}
{\*\expandedcolortbl;;\cssrgb\c20000\c20000\c20000;\cssrgb\c100000\c100000\c100000;}
\margl1440\margr1440\vieww11520\viewh8400\viewkind0
\deftab720
\pard\pardeftab720\partightenfactor0

\f0\fs28 \cf2 \cb3 \expnd0\expndtw0\kerning0
@book\{Seinfeld:1998p1748,\
  added-at = \{2010-06-22T19:38:37.000+0200\},\
  author = \{Seinfeld, J and Pandis, S\},\
  biburl = \{https://www.bibsonomy.org/bibtex/2c037a32c1277cdaba937076d8eff1109/gsmith\},\
  date-added = \{2010-03-10 16:47:57 -0500\},\
  date-modified = \{2010-03-10 16:48:23 -0500\},\
  interhash = \{4bccc7ac25ab1b9c5712b7c65ce78da7\},\
  intrahash = \{c037a32c1277cdaba937076d8eff1109\},\
  keywords = \{imported\},\
  label = \{rec-number 54\},\
  pages = 1326,\
  rating = \{0\},\
  timestamp = \{2010-06-22T19:39:02.000+0200\},\
  title = \{Atmospheric Chemistry and Physics: From Air Pollution to Climate Change\},\
  uri = \{papers://E88B624E-D406-46FF-9D95-BB9C1AAE3FDC/Paper/p1748\},\
  year = 1998\
\}\
}